<?xml version="1.0" encoding="UTF-8"?><collection xmlns="http://www.loc.gov/MARC21/slim"><record><leader>00537nam--2200181-i-4500</leader><controlfield tag="001">000011620</controlfield><controlfield tag="002">20161230</controlfield><controlfield tag="005">20161230201029</controlfield><controlfield tag="008">060222s1000------------r-----000-0-eng-d</controlfield><datafield ind1=" " ind2=" " tag="040"><subfield code="a">IFIN-HH</subfield></datafield><datafield ind1=" " ind2=" " tag="080"><subfield code="a">539.12.162.8(047.1)</subfield></datafield><datafield ind1="1" ind2=" " tag="100"><subfield code="a">Berlad, G</subfield></datafield><datafield ind1="1" ind2="0" tag="245"><subfield code="a">Multiparticle production in particle-nucleus collisions at high energies</subfield><subfield code="c">G. belard, a. dar, g. eilam</subfield></datafield><datafield ind1=" " ind2=" " tag="260"><subfield code="a">Haifa, Israel</subfield><subfield code="b">Institute Of Technology</subfield><subfield code="c">1974</subfield></datafield><datafield ind1=" " ind2=" " tag="300"><subfield code="a">11 P. + 3 FIG</subfield></datafield><datafield ind1="1" ind2=" " tag="700"><subfield code="a">Eiam, G</subfield></datafield><datafield ind1=" " ind2=" " tag="852"><subfield code="a">42895</subfield><subfield code="c">539.131</subfield></datafield><datafield ind1=" " ind2=" " tag="CAT"><subfield code="a">Sys</subfield><subfield code="c">20120330</subfield><subfield code="h">132554</subfield></datafield></record></collection>